@inproceedings{shaw2024automatic,
  author    = {T. Shaw},
  title     = {Automatic Weather Station},
  booktitle = {2024 6th International Conference on Energy, Power and Environment (ICEPE)},
  year      = {2024},
  pages     = {1--5},
  doi       = {10.1109/ICEPE63236.2024.10668900}
}

@inproceedings{varghese2019iot,
  author    = {L. Varghese and G. Deepak and A. Santhanavijayan},
  title     = {An IoT Analytics Approach for Weather Forecasting using Raspberry Pi 3 Model B+},
  booktitle = {2019 Fifteenth International Conference on Information Processing (ICINPRO)},
  year      = {2019},
  pages     = {1--5},
  doi       = {10.1109/ICInPro47689.2019.9092107}
}

@inproceedings{mishra2021study,
  author    = {D. Mishra and P. Joshi},
  title     = {A Comprehensive Study on Weather Forecasting using Machine Learning},
  booktitle = {2021 9th International Conference on Reliability, Infocom Technologies and Optimization (ICRITO)},
  year      = {2021},
  pages     = {1--5},
  doi       = {10.1109/ICRITO51393.2021.9596117}
}

@inproceedings{yonekura2018short,
  author    = {K. Yonekura and H. Hattori and T. Suzuki},
  title     = {Short-term local weather forecast using dense weather station by deep neural network},
  booktitle = {2018 IEEE International Conference on Big Data (Big Data)},
  year      = {2018},
  pages     = {1683--1690},
  doi       = {10.1109/BigData.2018.8622195}
}

@misc{metoffice_highlow,
  author       = {{Met Office}},
  title        = {High and low pressure},
  year         = {2025},
  howpublished = {\url{https://weather.metoffice.gov.uk/learn-about/weather/how-weather-works/high-and-low-pressure}},
  note         = {Accessed: 20-Apr-2025}
}

@misc{ucar_pressure,
  author       = {{UCAR Center for Science Education}},
  title        = {The highs and lows of air pressure},
  year         = {2025},
  howpublished = {\url{https://scied.ucar.edu/learning-zone/how-weather-works/highs-and-lows-air-pressure}},
  note         = {Accessed: 20-Apr-2025}
}

@misc{metoffice_conditions,
  author       = {{Met Office}},
  title        = {Weather conditions},
  year         = {2019},
  howpublished = {\url{https://weather.metoffice.gov.uk/learn-about/weather/how-weather-works/high-and-low-pressure/weather-conditions}},
  note         = {Accessed: 20-Apr-2025}
}

@misc{ncas_weather,
  author       = {{NCAS}},
  title        = {What causes weather?},
  year         = {2025},
  howpublished = {\url{https://ncas.ac.uk/learn/what-causes-weather/}},
  note         = {Accessed: 20-Apr-2025}
}

@article{mcalindon2006barometric,
  author  = {T. McAlindon and M. Formica and C. H. Schmid and J. Fletcher},
  title   = {Changes in barometric pressure and ambient temperature influence osteoarthritis pain},
  journal = {The American Journal of Medicine},
  volume  = {119},
  number  = {6},
  pages   = {484--491},
  year    = {2006},
  doi     = {10.1016/j.amjmed.2006.07.036}
}

@article{izadyar2021effect,
  author  = {S. Izadyar and G. Fahimi and S. Hejazi and D. Wang},
  title   = {Effect of meteorological factors and lunar phases on occurrence of psychogenic nonepileptic seizures},
  journal = {Epilepsy \& Behavior},
  volume  = {115},
  year    = {2021},
  pages   = {108070},
  doi     = {10.1016/j.yebeh.2021.108070}
}

@article{horvath2023pain,
  author  = {G. Horvath and K. Nagy and G. Tuboly and E. Nagy},
  title   = {Pain and weather associations â€“ Action mechanisms; personalized profiling},
  journal = {Brain Research Bulletin},
  volume  = {192},
  year    = {2023},
  pages   = {110696},
  doi     = {10.1016/j.brainresbull.2023.110696}
}

@misc{glaser2025feel,
  author       = {A. Glaser and D. O. Shamin Masrour},
  title        = {Feel it? 4 ways barometric pressure affects your health},
  year         = {2025},
  howpublished = {\url{https://www.migraineagain.com/feel-4-ways-barometric-pressure-affects-health/}},
  note         = {Accessed: 20-Apr-2025}
}


@misc{openweathermap_current_2025,
  author = {OpenWeatherMap},
  title = {Current Weather Data for Auckland, New Zealand (Lat: 36.852095, Lon: 174.7631803)},
  year = {2025},
  howpublished = {API Request},
  url = {https://api.openweathermap.org/data/2.5/weather?lat=36.852095&lon=174.7631803&appid=1ecb2529837b828fc9231515173681fe&units=metric},
  note = {Accessed: 2025-05-21}
}

@misc{openweathermap_forecast_2025,
  author = {OpenWeatherMap},
  title = {Weather Forecast Data for Auckland, New Zealand (Lat: 36.852095, Lon: 174.7631803)},
  year = {2025},
  howpublished = {API Request},
  url = {https://api.openweathermap.org/data/2.5/forecast?lat=36.852095&lon=174.7631803&appid=1ecb2529837b828fc9231515173681fe&units=metric},
  note = {Accessed: 2025-05-21}
}

@misc{nodered_influxdb_2025,
  author = {{Node-RED Community}},
  title = {Node-RED Contrib InfluxDB Node},
  year = {2025},
  howpublished = {Online Resource},
  url = {https://flows.nodered.org/node/node-red-contrib-influxdb},
  note = {Accessed: 2025-05-21}
}